@inproceedings{Cook1990object,
  author          = {Cook, William R.},
  title           = {Object-oriented programming versus abstract data types},
  year            = {1990},
  booktitle       = {Proceedings of the REX Workshop / School on the Foundations of Object-Oriented Languages},
  publisher       = {Springer},
  pages           = {151--178}
}

@inproceedings{Cook2009understanding,
  author          = {Cook, William R.},
  title           = {On understanding data abstraction, revisited},
  booktitle       = {Proceedings of the Conference on Object-Oriented Programming, Systems, Languages and Applications},
  year            = {2009},
  pages           = {557--572},
  address         = {New York},
  publisher       = {ACM},
  location        = {Orlando},
  numpages        = {16},
}


@article{Cockx2020,
  title           = {Elaborating dependent (co) pattern matching: No pattern left behind},
  author          = {Cockx, Jesper and Abel, Andreas},
  journal         = {Journal of Functional Programming},
  volume          = {30},
  year            = {2020},
  publisher       = {Cambridge University Press},
  DOI             = {10.1017/S0956796819000182}
}

@inproceedings{awfyPaper,
  author = {Stefan Marr, Benoit Daloze, Hanspeter Mössenböck},
  title = {Cross-Language Compiler Benchmarking: Are We Fast Yet?},
  booktitle = {Proceedings of the 12th Symposium on Dynamic Languages (DLS '16)},
  publisher = {ACM},
  year = {2016},
}

@misc{awfyGithub,
  author = {Stefan Marr, Benoit Daloze, Hanspeter Mössenböck},
  title = {Are We Fast Yet? Comparing Language Implementations with Objects, Closures, Arrays, and Strings},
  howpublished = {GitHub repository},
  year = {2016},
  url = {https://github.com/smarr/are-we-fast-yet.git},
  note = {Accessed: März 2024},
}

@misc{PhilippConvo,
  author = {Schuster, Philipp},
  title = {Personal communication},
  year = {2024},
  note = {Effekt Entwickler, Konversation gehalten am 19. März 2024},
}

@inproceedings{brachthaeuser17effekt,
  author = {Brachthäuser, Jonathan Immanuel and Schuster, Philipp},
  title = {Effekt: Extensible Algebraic Effects in Scala (Short Paper)},
  booktitle = {Proceedings of the International Symposium on Scala},
  year = {2017},
  publisher = {ACM Press},
  doi = {10.1145/3136000.3136007}
}